

@Manual{R-base,
  title        = {R: A Language and Environment for Statistical Computing},
  author       = {{R Core Team}},
  organization = {R Foundation for Statistical Computing},
  address      = {Vienna, Austria},
  year         = {2024},
  url          = {https://www.R-project.org/},
}

@Book{ggplot2,
  title     = {ggplot2: Elegant Graphics for Data Analysis},
  author    = {Hadley Wickham},
  publisher = {Springer-Verlag New York},
  year      = {2016},
  isbn      = {978-3-319-24277-4},
  url       = {https://ggplot2.tidyverse.org/},
}

@Misc{toronto-fire-incidents,
  title        = {Toronto Fire Incidents Data},
  author       = {City of Toronto Open Data Initiative},
  year         = {2024},
  howpublished = {\url{https://open.toronto.ca/dataset/fire-incidents/}},
  note         = {Accessed: 2024-09-24},
}

